<?xml version="1.0" encoding="utf-8"?>
<record xmlns="http://www.loc.gov/MARC21/slim" xmlns:xsi="http://www.w3.org/2001/XMLSchema-instance" xsi:schemaLocation="http://www.loc.gov/MARC21/slim http://www.loc.gov/standards/marcxml/schema/MARC21slim.xsd">
	<leader>     nam a22        4500</leader>
	<controlfield tag="001">001676884</controlfield>
	<controlfield tag="003">NNU</controlfield>
	<controlfield tag="006">m        d        </controlfield>
	<controlfield tag="007">cr cn |||m|||a</controlfield>
	<controlfield tag="008">160802s1961    le      o     000 0bara c</controlfield>
	<datafield ind1=" " ind2=" " tag="040">
		<subfield code="a">NNU</subfield>
		<subfield code="b">eng</subfield>
		<subfield code="e">rda</subfield>
		<subfield code="c">NNU</subfield>
	</datafield>
	<datafield ind1=" " ind2="4" tag="050">
		<subfield code="a">PJ7741.M83</subfield>
		<subfield code="b">Z93 1961</subfield>
	</datafield>
	<datafield ind1="1" ind2=" " tag="100">
		<subfield code="6">880-01</subfield>
		<subfield code="a">Tarazī, Fuʼād.</subfield>
	</datafield>
	<datafield ind1="1" ind2="0" tag="245">
		<subfield code="6">880-02</subfield>
		<subfield code="a">Muslim ibn al-Walīd :</subfield>
		<subfield code="b">ṣarīʻ al-ghawānī /</subfield>
		<subfield code="c">Fuʼād Ḥannā Tarazī.</subfield>
	</datafield>
	<datafield ind1="1" ind2=" " tag="246">
		<subfield code="i">Title on p. [4] of cover:</subfield>
		<subfield code="a">Muslim ibn el-Walīd</subfield>
	</datafield>
	<datafield ind1=" " ind2=" " tag="260">
		<subfield code="6">880-03</subfield>
		<subfield code="a">Bayrūt :</subfield>
		<subfield code="b">Dār al-Kitāb,</subfield>
		<subfield code="c">1961.</subfield>
	</datafield>
	<datafield ind1=" " ind2=" " tag="300">
		<subfield code="a">online resource (215 pages)</subfield>
	</datafield>
	<datafield ind1=" " ind2=" " tag="336">
		<subfield code="a">text</subfield>
		<subfield code="2">rdacontent</subfield>
	</datafield>
	<datafield ind1=" " ind2=" " tag="337">
		<subfield code="a">computer</subfield>
		<subfield code="2">rdamedia</subfield>
	</datafield>
	<datafield ind1=" " ind2=" " tag="338">
		<subfield code="a">online resource</subfield>
		<subfield code="2">rdacarrier</subfield>
	</datafield>
	<datafield ind1="1" ind2=" " tag="490">
		<subfield code="6">880-04</subfield>
		<subfield code="a">Jāmiʻat Bayrūt al-Amīrikīyah, Manshūrāt Kullīyat al-ʻUlūm wa-al-Ādab, Silsilat al-ʻulūm al-sharqīyah ;</subfield>
		<subfield code="v">al-ḥalqah 36</subfield>
	</datafield>
	<datafield ind1=" " ind2=" " tag="500">
		<subfield code="a">Part of the Arabic Collections Online (ACO) project, contributed by New York Univeristy Libraries.</subfield>
	</datafield>
	<datafield ind1=" " ind2=" " tag="533">
		<subfield code="a">Electronic reproduction.</subfield>
		<subfield code="b">New York, N.Y. :</subfield>
		<subfield code="c">New York University,</subfield>
		<subfield code="d">2016.</subfield>
		<subfield code="5">NNU</subfield>
	</datafield>
	<datafield ind1="0" ind2="0" tag="600">
		<subfield code="6">880-05</subfield>
		<subfield code="a">Muslim ibn al-Walīd,</subfield>
		<subfield code="d">-823 or 824.</subfield>
	</datafield>
	<datafield ind1="0" ind2="7" tag="600">
		<subfield code="a">Muslim ibn al-Walīd,</subfield>
		<subfield code="d">-823 or 824.</subfield>
		<subfield code="2">fast</subfield>
		<subfield code="0">(OCoLC)fst01836583</subfield>
	</datafield>
	<datafield ind1="2" ind2=" " tag="710">
		<subfield code="a">New York University.</subfield>
		<subfield code="b">Libraries.</subfield>
	</datafield>
	<datafield ind1="0" ind2=" " tag="730">
		<subfield code="a">Arabic Collections Online.</subfield>
	</datafield>
	<datafield ind1="0" ind2="8" tag="776">
		<subfield code="i">Online version:</subfield>
		<subfield code="a">Tarazī, Fuʼād Ḥanna.</subfield>
		<subfield code="t">Muslim ibn al-Walīd.</subfield>
		<subfield code="d">Bayrūt : Dār al-Kitāb, 1961</subfield>
		<subfield code="w">(OCoLC)586056376</subfield>
	</datafield>
	<datafield ind1="0" ind2="8" tag="776">
		<subfield code="i">Print version:</subfield>
		<subfield code="a">Tarazī, Fuʼād.</subfield>
		<subfield code="t">Muslim ibn al-Walīd</subfield>
		<subfield code="w">(NNU)001676884</subfield>
		<subfield code="w">(DLC)ne 62001652</subfield>
	</datafield>
	<datafield ind1="4" ind2="0" tag="856">
		<subfield code="u">http://hdl.handle.net/2333.1/zs7h47x0</subfield>
	</datafield>
	<datafield ind1="1" ind2=" " tag="880">
		<subfield code="6">100-01/</subfield>
		<subfield code="a">ترزي، فؤاد.</subfield>
	</datafield>
	<datafield ind1="1" ind2="0" tag="880">
		<subfield code="6">245-02/</subfield>
		<subfield code="a">‏مسلم بن الوليد :‏</subfield>
		<subfield code="b">‏صريع الغواني /‏</subfield>
		<subfield code="c">‏فؤاد حنا ترزي.</subfield>
	</datafield>
	<datafield ind1=" " ind2=" " tag="880">
		<subfield code="6">260-03/</subfield>
		<subfield code="a">بيروت :</subfield>
		<subfield code="b">دار الكتاب،</subfield>
		<subfield code="c">1961.</subfield>
	</datafield>
	<datafield ind1="1" ind2=" " tag="880">
		<subfield code="6">490-04/</subfield>
		<subfield code="a">‏جامعة بيروت الأميركية، منشورات كلية العلوم والآداب، سلسلة العلوم الشرقية ؛‏</subfield>
		<subfield code="v">‏الحلقة 36</subfield>
	</datafield>
	<datafield ind1="0" ind2="4" tag="880">
		<subfield code="6">600-05/</subfield>
		<subfield code="a">مسلم بن الوليد،,</subfield>
		<subfield code="d">-823 or 824.</subfield>
	</datafield>
	<datafield ind1=" " ind2="0" tag="830">
		<subfield code="a">Publication of the Faculty of Arts and Sciences.</subfield>
		<subfield code="p">Oriental series ;</subfield>
		<subfield code="v">no. 36.</subfield>
	</datafield>
	<datafield ind1=" " ind2=" " tag="959">
		<subfield code="a">NNU</subfield>
		<subfield code="b">WEB</subfield>
		<subfield code="c">GENI</subfield>
		<subfield code="t">0</subfield>
		<subfield code="m">Electronic access</subfield>
		<subfield code="s">01</subfield>
	</datafield>
	<datafield ind1=" " ind2=" " tag="999">
		<subfield code="i">NNU_001676884</subfield>
		<subfield code="s">nyu_aco001819</subfield>
		<subfield code="e">(ERROR-880)</subfield>
	</datafield>
</record>
